
@incollection{bleilafferty09,
  author      = "David M. Blei and John D. Lafferty",
  title       = "Topic Models",
  editor      = "Ashok N. Srivastava and Mehran Sahami",
  booktitle   = "Text Mining: Classification, Clustering, and Applications",
  publisher   = "Chapman and Hall/CRC",
  year        = 2009,
  pages       = "71-94",
  chapter     = 4,
}


@article{mimnoetal11,
    author      = "David Mimno and Hanna M. Wallach and Edmund Talley and Mirian Leenders and Andrew McCallumk",
    title       = "Optimizing Semantic Coherence in Topic Models",
    year        = "2011",
    journal     = "Proceedings of the Conference on Empirical Methods in Natural Language Processing",
    pages       = "262-272",
}

@article{newmanetal11,
    author      = "David Newman and Jey Han Lau and Karl Grieser and Timothy Baldwin",
    title       = "Automatic Evaluation of Topic Coherence",
    year        = "2010",
    journal     = "Human Language Technologies: The Annual Conference of the North American Chapter of the Association for Computational Linguistics",
    pages       = "100-108",
}


